
@article{Anoob:2023,
    author = {P.T Anoob},
    title = {What is the Best Time to Post on Twitter in 2024?},
    year = {2023}
}

@article{Myers:2024,
    author = {Louise Myers},
    title = {Whatâ€™s the Best Time to Post on Twitter X? (2024)},
    journal = {Twitter Tips},
    year = {2024}
}

@article{AIContentfy:2023,
    author = {AIContentfy},
    title = {The Importance of Timing in Content Distribution},
    year = {2023}
}
@article{Needle:2023,
    author = {Flori Needle},
    title = {The Best Times to Post on Social Media in 2023 [New Data]},
    year = {2023}
}